<?xml version="1.0" encoding="UTF-8"?><collection xmlns="http://www.loc.gov/MARC21/slim"><record><leader>00509nam--2200169-i-4500</leader><controlfield tag="001">000034044</controlfield><controlfield tag="002">20161230</controlfield><controlfield tag="005">20161230201039</controlfield><controlfield tag="008">060222s1000------------r-----000-0-eng-d</controlfield><datafield ind1=" " ind2=" " tag="040"><subfield code="a">IFIN-HH</subfield></datafield><datafield ind1=" " ind2=" " tag="080"><subfield code="a">539.124.143:538.915(043)</subfield></datafield><datafield ind1="1" ind2=" " tag="100"><subfield code="a">Muller, Sara Hillegonda</subfield></datafield><datafield ind1="1" ind2="0" tag="245"><subfield code="a">An epr study on clustering of iron and of oxygen in silicon</subfield><subfield code="b">These</subfield><subfield code="c">Sara hillegonda muller</subfield></datafield><datafield ind1=" " ind2=" " tag="260"><subfield code="a">Amsterdam</subfield><subfield code="b">Universiteit Van Amsterdam</subfield><subfield code="c">1952</subfield></datafield><datafield ind1=" " ind2=" " tag="300"><subfield code="a">96P</subfield></datafield><datafield ind1=" " ind2=" " tag="852"><subfield code="a">71155</subfield><subfield code="c">539.12</subfield></datafield><datafield ind1=" " ind2=" " tag="CAT"><subfield code="a">Sys</subfield><subfield code="c">20120109</subfield><subfield code="h">144502</subfield></datafield></record></collection>